<marc:collection xmlns:marc="http://www.loc.gov/MARC21/slim" xmlns:xsi="http://www.w3.org/2001/XMLSchema-instance" xsi:schemaLocation="http://www.loc.gov/MARC21/slim http://www.loc.gov/standards/marcxml/schema/MARC21slim.xsd">
    <marc:record type="Bibliographic">
        <marc:leader>02866cem a2200589K  4500</marc:leader>
        <marc:controlfield tag="001">6773431</marc:controlfield>
        <marc:controlfield tag="005">20121206154105.0</marc:controlfield>
        <marc:controlfield tag="008">050914m19551957ja        a     0   jpn d</marc:controlfield>
        <marc:datafield tag="035" ind1=" " ind2=" ">
            <marc:subfield code="a">(OCoLC)ocm61500431</marc:subfield>
        </marc:datafield>
        <marc:datafield tag="040" ind1=" " ind2=" ">
            <marc:subfield code="a">ANV</marc:subfield>
            <marc:subfield code="c">ANV</marc:subfield>
            <marc:subfield code="d">OCLCQ</marc:subfield>
            <marc:subfield code="d">OCLCG</marc:subfield>
            <marc:subfield code="d">PUL</marc:subfield>
        </marc:datafield>
        <marc:datafield tag="035" ind1=" " ind2=" ">
            <marc:subfield code="a">(OCoLC)61500431</marc:subfield>
        </marc:datafield>
        <marc:datafield tag="043" ind1=" " ind2=" ">
            <marc:subfield code="a">a-ja---</marc:subfield>
        </marc:datafield>
        <marc:datafield tag="049" ind1=" " ind2=" ">
            <marc:subfield code="a">MAIN</marc:subfield>
        </marc:datafield>
        <marc:datafield tag="245" ind1="0" ind2="0">
            <marc:subfield code="6">880-01</marc:subfield>
            <marc:subfield code="a">Hyōjun Nihon shi kakezu</marc:subfield>
            <marc:subfield code="h">[map] /</marc:subfield>
            <marc:subfield code="c">Kodama Kōta hen.</marc:subfield>
        </marc:datafield>
        <marc:datafield tag="246" ind1="3" ind2="0">
            <marc:subfield code="6">880-02</marc:subfield>
            <marc:subfield code="a">Nihon shi kakezu</marc:subfield>
        </marc:datafield>
        <marc:datafield tag="255" ind1=" " ind2=" ">
            <marc:subfield code="a">Scales differ.</marc:subfield>
        </marc:datafield>
        <marc:datafield tag="260" ind1=" " ind2=" ">
            <marc:subfield code="6">880-03</marc:subfield>
            <marc:subfield code="a">Tōkyō :</marc:subfield>
            <marc:subfield code="b">Yoshikawa Kōbunkan,</marc:subfield>
            <marc:subfield code="c">Shōwa 30-32 [1955-57]</marc:subfield>
        </marc:datafield>
        <marc:datafield tag="300" ind1=" " ind2=" ">
            <marc:subfield code="a">12  maps :</marc:subfield>
            <marc:subfield code="b">col. ;</marc:subfield>
            <marc:subfield code="c">105 x 148 on sheet 114 x 152.</marc:subfield>
        </marc:datafield>
        <marc:datafield tag="500" ind1=" " ind2=" ">
            <marc:subfield code="a">Each map is clothbacked and mounted on wooden rods in scroll.</marc:subfield>
        </marc:datafield>
        <marc:datafield tag="500" ind1=" " ind2=" ">
            <marc:subfield code="a">Multiple maps on one sheet.</marc:subfield>
        </marc:datafield>
        <marc:datafield tag="500" ind1=" " ind2=" ">
            <marc:subfield code="a">Library has: dai 1-3, 5-12.</marc:subfield>
            <marc:subfield code="5">NjP-G</marc:subfield>
        </marc:datafield>
        <marc:datafield tag="651" ind1=" " ind2="0">
            <marc:subfield code="a">Japan</marc:subfield>
            <marc:subfield code="x">Historical geography</marc:subfield>
            <marc:subfield code="v">Maps.</marc:subfield>
        </marc:datafield>
        <marc:datafield tag="655" ind1=" " ind2="7">
            <marc:subfield code="a">Wall maps, Japanese</marc:subfield>
            <marc:subfield code="y">1955-1957.</marc:subfield>
            <marc:subfield code="2">local</marc:subfield>
        </marc:datafield>
        <marc:datafield tag="700" ind1="1" ind2=" ">
            <marc:subfield code="6">880-04</marc:subfield>
            <marc:subfield code="a">Kodama, Kōta,</marc:subfield>
            <marc:subfield code="d">1909-2007.</marc:subfield>
        </marc:datafield>
        <marc:datafield tag="856" ind1="4" ind2="1">
            <marc:subfield code="z">See dai 1</marc:subfield>
            <marc:subfield code="u">http://gisserver.princeton.edu/map/26269</marc:subfield>
        </marc:datafield>
        <marc:datafield tag="856" ind1="4" ind2="1">
            <marc:subfield code="z">See dai 1 label</marc:subfield>
            <marc:subfield code="u">http://gisserver.princeton.edu/map/26270</marc:subfield>
        </marc:datafield>
        <marc:datafield tag="856" ind1="4" ind2="1">
            <marc:subfield code="z">See dai 2</marc:subfield>
            <marc:subfield code="u">http://gisserver.princeton.edu/map/27382</marc:subfield>
        </marc:datafield>
        <marc:datafield tag="856" ind1="4" ind2="1">
            <marc:subfield code="z">See dai 2 label</marc:subfield>
            <marc:subfield code="u">http://gisserver.princeton.edu/map/27383</marc:subfield>
        </marc:datafield>
        <marc:datafield tag="856" ind1="4" ind2="1">
            <marc:subfield code="z">See dai 2 label 2</marc:subfield>
            <marc:subfield code="u">http://gisserver.princeton.edu/map/27384</marc:subfield>
        </marc:datafield>
        <marc:datafield tag="856" ind1="4" ind2="1">
            <marc:subfield code="z">See dai 3</marc:subfield>
            <marc:subfield code="u">http://gisserver.princeton.edu/map/27385</marc:subfield>
        </marc:datafield>
        <marc:datafield tag="856" ind1="4" ind2="1">
            <marc:subfield code="z">See dai 3 label</marc:subfield>
            <marc:subfield code="u">http://gisserver.princeton.edu/map/27386</marc:subfield>
        </marc:datafield>
        <marc:datafield tag="856" ind1="4" ind2="1">
            <marc:subfield code="z">See dai 3 label 2</marc:subfield>
            <marc:subfield code="u">http://gisserver.princeton.edu/map/27387</marc:subfield>
        </marc:datafield>
        <marc:datafield tag="856" ind1="4" ind2="1">
            <marc:subfield code="z">See dai 5</marc:subfield>
            <marc:subfield code="u">http://gisserver.princeton.edu/map/26271</marc:subfield>
        </marc:datafield>
        <marc:datafield tag="856" ind1="4" ind2="1">
            <marc:subfield code="z">See dai 5 label</marc:subfield>
            <marc:subfield code="u">http://gisserver.princeton.edu/map/26272</marc:subfield>
        </marc:datafield>
        <marc:datafield tag="856" ind1="4" ind2="1">
            <marc:subfield code="z">See dai 6</marc:subfield>
            <marc:subfield code="u">http://gisserver.princeton.edu/map/26273</marc:subfield>
        </marc:datafield>
        <marc:datafield tag="856" ind1="4" ind2="1">
            <marc:subfield code="z">See dai 6 label</marc:subfield>
            <marc:subfield code="u">http://gisserver.princeton.edu/map/26274</marc:subfield>
        </marc:datafield>
        <marc:datafield tag="856" ind1="4" ind2="1">
            <marc:subfield code="z">See dai 7</marc:subfield>
            <marc:subfield code="u">http://gisserver.princeton.edu/map/26275</marc:subfield>
        </marc:datafield>
        <marc:datafield tag="856" ind1="4" ind2="1">
            <marc:subfield code="z">See dai 7 label</marc:subfield>
            <marc:subfield code="u">http://gisserver.princeton.edu/map/26276</marc:subfield>
        </marc:datafield>
        <marc:datafield tag="856" ind1="4" ind2="1">
            <marc:subfield code="z">See dai 8</marc:subfield>
            <marc:subfield code="u">http://gisserver.princeton.edu/map/26277</marc:subfield>
        </marc:datafield>
        <marc:datafield tag="856" ind1="4" ind2="1">
            <marc:subfield code="z">See dai 8 label</marc:subfield>
            <marc:subfield code="u">http://gisserver.princeton.edu/map/26278</marc:subfield>
        </marc:datafield>
        <marc:datafield tag="856" ind1="4" ind2="1">
            <marc:subfield code="z">See dai 9</marc:subfield>
            <marc:subfield code="u">http://gisserver.princeton.edu/map/26279</marc:subfield>
        </marc:datafield>
        <marc:datafield tag="856" ind1="4" ind2="1">
            <marc:subfield code="z">See dai 9 label</marc:subfield>
            <marc:subfield code="u">http://gisserver.princeton.edu/map/26280</marc:subfield>
        </marc:datafield>
        <marc:datafield tag="856" ind1="4" ind2="1">
            <marc:subfield code="z">See dai 10</marc:subfield>
            <marc:subfield code="u">http://gisserver.princeton.edu/map/26281</marc:subfield>
        </marc:datafield>
        <marc:datafield tag="856" ind1="4" ind2="1">
            <marc:subfield code="z">See dai 10 label</marc:subfield>
            <marc:subfield code="u">http://gisserver.princeton.edu/map/26282</marc:subfield>
        </marc:datafield>
        <marc:datafield tag="856" ind1="4" ind2="1">
            <marc:subfield code="z">See dai 11</marc:subfield>
            <marc:subfield code="u">http://gisserver.princeton.edu/map/26283</marc:subfield>
        </marc:datafield>
        <marc:datafield tag="856" ind1="4" ind2="1">
            <marc:subfield code="z">See dai 11 label</marc:subfield>
            <marc:subfield code="u">http://gisserver.princeton.edu/map/26284</marc:subfield>
        </marc:datafield>
        <marc:datafield tag="856" ind1="4" ind2="1">
            <marc:subfield code="z">See dai 12</marc:subfield>
            <marc:subfield code="u">http://gisserver.princeton.edu/map/26285</marc:subfield>
        </marc:datafield>
        <marc:datafield tag="856" ind1="4" ind2="1">
            <marc:subfield code="z">See dai 12 label</marc:subfield>
            <marc:subfield code="u">http://gisserver.princeton.edu/map/26286</marc:subfield>
        </marc:datafield>
        <marc:datafield tag="880" ind1="0" ind2="0">
            <marc:subfield code="6">245-01</marc:subfield>
            <marc:subfield code="a">標準日本史掛図 /</marc:subfield>
            <marc:subfield code="c">児玉幸多編.</marc:subfield>
        </marc:datafield>
        <marc:datafield tag="880" ind1="3" ind2="0">
            <marc:subfield code="6">246-02</marc:subfield>
            <marc:subfield code="a">日本史掛図</marc:subfield>
        </marc:datafield>
        <marc:datafield tag="880" ind1=" " ind2=" ">
            <marc:subfield code="6">260-03</marc:subfield>
            <marc:subfield code="a">東京 :</marc:subfield>
            <marc:subfield code="b">吉川弘文館,</marc:subfield>
            <marc:subfield code="c">昭和30-32 [1955-57]</marc:subfield>
        </marc:datafield>
        <marc:datafield tag="880" ind1="1" ind2=" ">
            <marc:subfield code="6">700-04</marc:subfield>
            <marc:subfield code="a">児玉幸多,</marc:subfield>
            <marc:subfield code="d">1909-2007.</marc:subfield>
        </marc:datafield>
    </marc:record>
    <marc:record type="Holdings">
        <marc:leader>00210cx  a22000971  4500</marc:leader>
        <marc:controlfield tag="001">6754334</marc:controlfield>
        <marc:controlfield tag="004">6773431</marc:controlfield>
        <marc:controlfield tag="005">20120810133339.0</marc:controlfield>
        <marc:controlfield tag="008">1109284u    8   1001uu   0901128</marc:controlfield>
        <marc:datafield tag="852" ind1="8" ind2=" ">
            <marc:subfield code="b">rcpxp</marc:subfield>
            <marc:subfield code="h">HMC01.6745</marc:subfield>
        </marc:datafield>
        <marc:datafield tag="866" ind1=" " ind2="0">
            <marc:subfield code="z">Only dai 1-3, 5-12.</marc:subfield>
        </marc:datafield>
    </marc:record>
    <marc:record type="Holdings">
        <marc:leader>00182nx  a22000854  4500</marc:leader>
        <marc:controlfield tag="001">7321551</marc:controlfield>
        <marc:controlfield tag="004">6773431</marc:controlfield>
        <marc:controlfield tag="005">20130514084234.0</marc:controlfield>
        <marc:controlfield tag="008">1305144u    8   1001uu   0901128</marc:controlfield>
        <marc:datafield tag="852" ind1="8" ind2=" ">
            <marc:subfield code="b">elf1</marc:subfield>
            <marc:subfield code="h">Electronic Resource</marc:subfield>
        </marc:datafield>
    </marc:record>
</marc:collection>
